@article{openflow,
	Author = {McKeown, N. and Anderson, T. and Balakrishnan, H. and Parulkar, G. and Peterson, L. and Rexford, J. and Shenker, S. and Turner, J.},
	Date-Added = {2012-12-16 23:18:18 +0000},
	Date-Modified = {2012-12-16 23:18:37 +0000},
	Journal = {ACM SIGCOMM Computer Communication Review},
	Number = {2},
	Pages = {69--74},
	Title = {OpenFlow: enabling innovation in campus networks},
	Volume = {38},
	Year = {2008}}

@inproceedings{netasm,
   author = {Shahbaz, Muhammad and Feamster, Nick},
   title = {{The Case for an Intermediate Representation for Programmable Data Planes}},
   booktitle = {Proceedings of the 1st ACM SIGCOMM Symposium on Software Defined Networking Research},
   series = {SOSR '15},
   year = {2015},
   isbn = {978-1-4503-3451-8},
   location = {Santa Clara, California},
   pages = {3:1--3:6},
   articleno = {3},
   numpages = {6},
   url = {http://doi.acm.org/10.1145/2774993.2775000},
   doi = {10.1145/2774993.2775000},
   acmid = {2775000},
   publisher = {ACM},
   address = {New York, NY, USA},
   keywords = {NetASM, intermediate representation (IR), programmable data planes, software-defined networking (SDN)}
  }

  @online{odp,
    author = {{Linaro Network Group (LNG)}},
    title = {{OpenDataPlane (ODP)}},
    year = 2016,
    url = {http://www.opendataplane.org},
    urldate = {2016-05-30}
  }

  @inproceedings {netmap,
	author = {Luigi Rizzo},
	title = {{netmap: A Novel Framework for Fast Packet I/O}},
	booktitle = {2012 USENIX Annual Technical Conference (USENIX ATC 12)},
	year = {2012},
	isbn = {978-931971-93-5},
	address = {Boston, MA},
	pages = {101--112},
	url = {https://www.usenix.org/conference/atc12/technical-sessions/presentation/rizzo},
	publisher = {USENIX Association},
}

@online{dpdk,
  author = {Intel},
  title = {{Data Plane Development Kit (DPDK)}},
  year = 2016,
  url = {http://www.dpdk.org},
  urldate = {2016-05-30}
}

@online{ovs,
  author = {Open vSwitch},
  title = {{Open Virtual Switch (OVS)}},
  year = 2016,
  url = {http://www.openvswitch.org},
  urldate = {2016-06-10}
}

@online{riscv,
  author={RISC-V Foundation},
  title = {{RISC-V}},
  year = 2016,
  url = {https://riscv.org},
  urldate = {2016-06-10}
}

@online{hsail,
  author={HSA Foundation},
  title = {{Heterogeneous System Architecture (HSA)}},
  year = 2016,
  url = {http://www.hsafoundation.com},
  urldate = {2016-06-10}
}

@online{opencl,
  author={Khronos Group},
  title = {{Open Computing Language (OpenCL)}},
  year = 2016,
  url = {https://www.khronos.org/opencl/},
  urldate = {2016-06-10}
}

@online{cuda,
  author={NVIDIA},
  title = {{Compute Unified Device Architecture (CUDA)}},
  year = 2016,
  url = {https://developer.nvidia.com/cuda-zone},
  urldate = {2016-06-10}
}

@online{seastar,
  author={Seastar},
  title = {Seastar},
  year = 2016,
  url = {http://www.seastar-project.org},
  urldate = {2016-06-10}
}

@online{libevent,
  author={Libevent},
  title = {{Libevent - An event notification library}},
  year = 2016,
  url = {http://www.libevent.org},
  urldate = {2016-06-10}
}
